
@inproceedings{new,
author    = {Ferruccio Damiani and
Reiner H{\"{a}}hnle and
Eduard Kamburjan and
Michael Lienhardt and
Luca Paolini},
title     = {Variability Modules for Java-like Languages},
booktitle = {{SPLC}},
publisher = {{ACM}},
year      = {2021},
doi = {https://doi.org/10.1145/3461001.3471143}
}



@inproceedings{DamianiHKL18b,
author    = {Ferruccio Damiani and
Reiner H{\"{a}}hnle and
Eduard Kamburjan and
Michael Lienhardt},
title     = {Interoperability of software product line variants},
booktitle = {{SPLC}},
pages     = {264--268},
publisher = {{ACM}},
year      = {2018}
}



@inproceedings{abs,
author    = {Einar Broch Johnsen and
    Reiner H{\"{a}}hnle and
    Jan Sch{\"{a}}fer and
    Rudolf Schlatte and
    Martin Steffen},
title     = {{ABS:} {A} Core Language for Abstract Behavioral Specification},
booktitle = {Formal Methods for Components and Objects - 9th International Symposium,
    {FMCO} 2010, Graz, Austria, November 29 - December 1, 2010. Revised
    Papers},
pages     = {142--164},
year      = {2010},
_crossref  = {DBLP:conf/fmco/2010},
url       = {https://doi.org/10.1007/978-3-642-25271-6_8},
doi       = {10.1007/978-3-642-25271-6_8},
}





@Article{KHS18,
  author = 	 {Eduard Kamburjan and Reiner H{\"a}hnle and Sebastian Sch{\"o}n},
  title = 	 {Formal Modeling and Analysis of Railway Operations with {Active Objects}},
  journal = 	 {Science of Computer Programming},
  year = 	 {2018},
  volume =	 {166},
  pages =	 {167--193},
  month =	 nov
}


@inproceedings{DOP,
 year={2010},
 isbn={978-3-642-15578-9},
 booktitle={Software Product Lines: Going Beyond (SPLC 2010)},
 volume={6287},
 series={LNCS},
 DISABLEDeditor={Bosch, Jan and Lee, Jaejoon},
 doi={10.1007/978-3-642-15579-6\_6},
 DISABLED_note = {DOI: 10.1007/978-3-642-15579-6\_6},
 title={{Delta-Oriented Programming of Software Product Lines}},
 DISABLED_url = {http://dx.doi.org/10.1007/978-3-642-15579-6\_6},
 DISABLED_publisher={Springer},
 author={Schaefer, Ina and Bettini, Lorenzo and Bono, Viviana and Damiani, Ferruccio and Tanzarella, Nico},
 pages={77-91}
}


@InProceedings{Haehnle13,
  author =    {Reiner H\"{a}hnle},
  title =    {The {A}bstract {B}ehavioral {S}pecification Language: A Tutorial
  Introduction},
  booktitle =   {Intl.\ School on Formal Models for Components and Objects: Post Proceedings},
  pages =	 {1--37},
  year =   {2013},
  editor =    {Marcello Bonsangue and de Boer, Frank and Elena Giachino and Reiner H\"{a}hnle},
  volume =	 {7866},
  OPTnumber =    {},
  series =   {LNCS},
  OPTmonth =    {},
  publisher =   {Springer},
  keywords = {HATS,wp6}
}



@inproceedings{MSAA17,
  author = {Reza Mauliadi and Setyautami, Maya R. A and Iis Afriyanti and Azurat, Ade},
  title  = {A platform for charities system generation with {SPL} approach},
  booktitle = {Proc.\ Intl.\ Conf.\ on Information Technology Systems and Innovation (ICITSI)},
  location  = {Bandung, Indonesia},
  pages = {108--113},
  year      = {2017},
  publisher = {IEEE},
  address = {New York, NY, USA}
}

@InProceedings{WongDS11,
  author =	 {Peter Y. H. Wong and Nikolay Diakov and Ina
                  Schaefer},
  title =	 "{Modelling Distributed Adaptable Object Oriented
                  Systems using HATS Approach: A Fredhopper Case Study
                  (invited paper)}",
  booktitle =	 {2nd International Conference on Formal Verification
                  of Object-Oriented Software, Torino, Italy},
  year =	 2012,
  series    = {LNCS},
  volume    = {7421},
  publisher =	 {Springer}
}


